<?xml version="1.0" encoding="UTF-8"?><record xmlns="http://www.loc.gov/MARC21/slim" xmlns:cinclude="http://apache.org/cocoon/include/1.0" xmlns:zs="http://www.loc.gov/zing/srw/">
  <leader>00515nz  a2200145n  4500</leader>
  <controlfield tag="001">no2012071670</controlfield>
  <controlfield tag="003">DLC</controlfield>
  <controlfield tag="005">20120525075046.0</controlfield>
  <controlfield tag="008">120523n| acannaabn          |n aaa     c</controlfield>
  <datafield tag="010" ind1=" " ind2=" ">
    <subfield code="a">no2012071670</subfield>
  </datafield>
  <datafield tag="035" ind1=" " ind2=" ">
    <subfield code="a">(OCoLC)oca09206808</subfield>
  </datafield>
  <datafield tag="040" ind1=" " ind2=" ">
    <subfield code="a">IlMchBWI</subfield>
    <subfield code="b">eng</subfield>
    <subfield code="c">IlMchBWI</subfield>
  </datafield>
  <datafield tag="100" ind1="1" ind2=" ">
    <subfield code="a">Dillon, Ray</subfield>
  </datafield>
  <datafield tag="670" ind1=" " ind2=" ">
    <subfield code="a">McCourt, Mariah. Servant of the Bones [GN]:</subfield>
    <subfield code="b">t.p. verso (art by Renae De Liz and Ray Dillon)</subfield>
  </datafield>
  <datafield tag="670" ind1=" " ind2=" ">
    <subfield code="a">His blog, May 23, 2012</subfield>
    <subfield code="b">(Ray Dillon; Cape Elizabeth, Maine; artist &amp; writer; married to artist Renae De Liz)</subfield>
  </datafield>
</record>